@InProceedings{webcoll,
  author = {Spoustova, J. and Spousta, M. and Pecina, P.},
  title = {Building a Web Corpus of Czech},
  booktitle = {Proceedings of the Seventh International Conference on Language Resources and Evaluation (LREC'10)},
  year = {2010},
  month = {may},
  address = {Valletta, Malta},
  publisher = {European Language Resources Association (ELRA)},
 }

@inproceedings{biemann05,
  title = {Automatic Extension of Feature-based Semantic Lexicons via Contextual Attributes},
  author = {Biemann, Ch. and Osswald, R.},
  year = {2005},
  pages = {326-333},
  booktitle = {Proceedings of the 29th Annual Conference of the Gesellschaft fA 1/4 r Klassifikation e.V., University of Magdeburg, March 9-11, 2005},
  publisher = {Springer},
}

@phdthesis{KubonPHD2001,
Author = {Kubo{\v{n}}, V.},
Title = {Problems of Robust Parsing of Czech},
BookTitle = {PhD thesis},
School = {{\'U}FAL MFF UK},
Year = {2001}
}

@book{oliva1989parser,
  title={A Parser for Czech Implemented in Systems Q},
  author={Oliva, K.},
  series={Explizite Beschreibung der Sprache und automatische Textbearbeitung},
  url={http://books.google.cz/books?id=Ai\_-GgAACAAJ},
  year={1989},
  publisher={Matematicko-fyzik{\'a}ln{\'\i} fakulta UK}
}

@book{kirschner1983,
  title={MOSAIC, a Method of Automatic Extraction of Significant Terms from Texts},
  author={Kirschner, Z.},
  series={Explizite Beschreibung der Sprache und automatische Textbearbeitung},
  url={http://books.google.cz/books?id=30qxHAAACAAJ},
  year={1983},
  publisher={Matematicko-fyzik{\'a}ln{\'\i} fakulta Univerzity Karlovy}
}

@Book{wordnet,
    title = {WordNet: An Electronic Lexical Database},
    author = {Fellbaum, Ch.},
    year = {1998},
    publisher = {Bradford Books},
}


@article{principled_disam,
  author = {John S. Justeson and
               Slava M. Katz},
  title = {Principled Disambiguation: Discriminating Adjective Senses
               with Modified Nouns},
  journal = {Computational Linguistics},
  volume = {21},
  number = {1},
  year = {1995},
  pages = {1-27},
}


@article{Baroni:2010,
 author = {Baroni, M. and Lenci, A.},
 title = {Distributional memory: A general framework for corpus-based semantics},
 journal = {Comput. Linguist.},
 volume = {36},
 number = {4},
 pages = {673--721},
 publisher = {MIT Press},
 address = {Cambridge, MA, USA},
}

@article{peirsman,
  author = {Peirsman, Y.and Pad\'o, S.},
  title = {Semantic relations in bilingual vector spaces},
  journal = {ACM Transactions in Speech and Language Processing},
  year = {2011},
  pages = {3:1--3:21}}

@article{hughes:1968,
  author = {Hughes, G.F.},
  title = {On the mean accuracy of statistical pattern recognizers},
  journal = {IEEE Transactions on Information Theory 14 (1)},
  year = {1968},
  pages = {55-63}}

 

@InProceedings{ mt-recycled,
author = {Bojar, O. and Homola, P. and Kubo{\v{n}, V.}},
title = "{An MT System Recycled}",
booktitle = "Proceedings of MT Summit X",
pages = "380--387",
year = "2005",
month = "September",
}


@inproceedings{pisa2010,
title = "Verbal Valency in the MT Between Related Languages",
author = "Klyueva , N. and Kubo{\v{n}, V.}",
booktitle = "Proceedings of Verb 2010, Interdisciplinary Workshop on Verbs, The Identification and Representation of Verb Features" ,
year = "2010",
address = "Pisa, Italy",
}


@inproceedings{baroni:2009,
 author = {Baroni, M. and Lenci, A.},
 title = {One distributional memory, many semantic spaces},
 booktitle = {Proceedings of the Workshop on Geometrical Models of Natural Language Semantics},
 series = {GEMS '09},
 year = {2009},
 pages = {1--8},
 publisher = {Association for Computational Linguistics},
 address = {Stroudsburg, PA, USA},
} 


