@phdthesis {KubonPHD2001,
Author = {Vladislav Kubo{\v{n}}},
Title = {Problems of Robust Parsing of Czech},
BookTitle = {PhD thesis},
School = {{\'U}FAL MFF UK},
Year = {2001}
}

@book{oliva1989parser,
  title={A Parser for Czech Implemented in Systems Q},
  author={Oliva, K.},
  series={Explizite Beschreibung der Sprache und automatische Textbearbeitung},
  url={http://books.google.cz/books?id=Ai\_-GgAACAAJ},
  year={1989},
  publisher={Matematicko-fyzik{\'a}ln{\'\i} fakulta UK}
}


@Book{wordnet,
    title = {WordNet: An Electronic Lexical Database},
    author = {Christiane Fellbaum},
    year = {1998},
    publisher = {Bradford Books},
}


@InProceedings{bojar:prokopova,
	author = "Ond{\v{r}}ej Bojar and Magdalena Prokopov{\'a}",
	title = "{Czech-English Word Alignment}",
	booktitle = "Proceedings of the Fifth International Conference on Language Resources and Evaluation (LREC 2006)",
	organization = "ELRA",
	month = "May",
	pages = "1236--1239",
	year = "2006"
}

@MISC{tufis,
    author = {Dan Tufi≈ü and Ana-Maria Barbu},
    title = {Accurate automatic extraction of translation equivalents from parallel corpora},
    year = {2001}
    booktitle = {Proceedings of the Corpus Linguistics}
}



@article{Baroni:2010,
 author = {Baroni, Marco and Lenci, Alessandro},
 title = {Distributional memory: A general framework for corpus-based semantics},
 journal = {Comput. Linguist.},
 volume = {36},
 number = {4},
 pages = {673--721},
 publisher = {MIT Press},
 address = {Cambridge, MA, USA},
} 

@article{peirsman,
  author = 	 {Yves Peirsman and Sebastian Pad\'o},
  title = 	 {Semantic relations in bilingual vector spaces},
  journal = {ACM Transactions in Speech and Language Processing},
  year = {2011},
  pages = {3:1--3:21}}




@InProceedings{ mt-recycled,
	author = "Ond{\v{r}}ej Bojar and Petr Homola and Vladislav Kubo{\v{n}}",
	title = "{An MT System Recycled}",
	booktitle = "Proceedings of MT Summit X",
	pages = "380--387",
	year = "2005",
	month = "September",
}


@inproceedings{pisa2010,
title = "Verbal Valency in the MT Between Related Languages",
author = "Natalia Klyueva and Vladislav Kubo{\v{n}}",
booktitle = "Proceedings of Verb 2010, Interdisciplinary Workshop on Verbs, The Identification and Representation of Verb Features" ,
year = "2010",
address = "Pisa, Italy",
}

@INPROCEEDINGS{och00,
AUTHOR = {F.~J.~Och and H.~Ney},
TITLE ={Improved Statistical Alignment Models},
BOOKTITLE = {ACL00} ,
PAGES ={440--447},
ADDRESS={ Hongkong, China},
MONTH = {October},
YEAR = {2000}
}

@inproceedings{baroni:2009,
 author = {Baroni, Marco and Lenci, Alessandro},
 title = {One distributional memory, many semantic spaces},
 booktitle = {Proceedings of the Workshop on Geometrical Models of Natural Language Semantics},
 series = {GEMS '09},
 year = {2009},
 pages = {1--8},
 publisher = {Association for Computational Linguistics},
 address = {Stroudsburg, PA, USA},
} 

