

@article{siewierska1998overview,
  title={An overview of word order in Slavic languages},
  author={Siewierska, Anna and Uhlířová, Ludmila},
  journal={Constituent Order in the Languages of Europe},
  url={http://www.degruyter.com/viewbooktoc/product/4280},
    isbn={9783110812206},
  series={Eurotyp},
  volume={20},
  number={1},
  pages={105},
 location = {Berlin},
  year={1998},
  publisher={Walter de Gruyter}
}


@inproceedings{recycled,
  title={An MT System Recycled},
  author={Bojar, Ondřej and Homola, Petr and Kuboň, Vladislav},
  booktitle={Proceedings of MT Summit X},
  url={http://citeseerx.ist.psu.edu/viewdoc/download?doi=10.1.1.103.8336\&rep=rep1\&type=pdf},
  pages={380--387},
  year={2005},
crossref = {biblio:10thMachine2005},
}

@proceedings{ biblio:10thMachine2005,
title = {Proceedings of the 10th Machine Translation Summit},
year = {2005},
address = {Phuket, Thailand},
venue = {Hilton Phuket Arcadia Resort and Spa},
isbn = {974-7431-26-2},
}

@book{olivaruslan,
  title={A Parser for Czech Implemented in Systems Q},
  author={Oliva, Karel},
  series={Explizite Beschreibung der Sprache und automatische Textbearbeitung},
  year={1989},
  publisher={Matematicko-fyzikální fakulta UK},
location={Prague}
}


@inproceedings{hajic1987,
 author = {Hajič, Jan},
 title = {RUSLAN: An MT System Between Closely Related Languages},
 booktitle = {Proceedings of the Third Conference on European Chapter of the Association for Computational Linguistics},
 series = {EACL '87},
 year = {1987},
 pages = {113--117},
 numpages = {5},
 url = {http://dx.doi.org/10.3115/976858.976879},
 doi = {10.3115/976858.976879},
 acmid = {976879},
 publisher = {Association for Computational Linguistics},
 location = {Stroudsburg, PA, USA},
} 

@book{sussex2011slavic,
  title={The Slavic Languages},
  author={Sussex, Roland and Cubberley, Paul},
  isbn={9780521294485},
  series={Cambridge Language Surveys},
  url={http://www.cambridge.org/us/academic/subjects/languages-linguistics/european-language-and-linguistics/slavic-languages},
  year={2011},
  publisher={Cambridge University Press}
,location={Cambridge}
}


@book{bojar,
  title = {{\v{C}}e{\v{s}}tina a strojov{\'{y}} p{\v{r}}eklad (Czech Language and Machine Translation)},
  author = {Ond{\v{r}}ej Bojar},
  year = {2012},
  publisher = {{\'{U}}{FAL}},
  pages = {168},
  organization = {Univerzita Karlova v Praze},
  address = {Praha, Czech Republic},
  series = {Studies in Computational and Theoretical Linguistics},
  volume = {11},
  isbn = {978-80-904571-4-0},
}

@online{latinavulgata,

   author = "Wikisource",
   title = "Biblia Sacra Vulgata (Stuttgartensia)/ad Corinthios I --- Wikisource{,} ",
   year = "2013",
   url = "http://la.wikisource.org/w/index.php?title=Biblia_Sacra_Vulgata_(Stuttgartensia)/ad_Corinthios_I\&oldid=62334",
urldate = {2014-04-18}
}
@online{bible21,

   author = "Flek, Alexandr and others",
   title = "Bible, překlad 21. století",
   year = "2012",
   url = "http://onlineb21.bible21.cz/bible.php?kniha=1korintskym",
urldate = {2014-04-18}
}
@online{bibleniv,

   author = "Biblica",
   title = "The Holy Bible, New International Version, NIV",
   year = "1973, 1978, 1984, 2011",
   url = "http://www.biblegateway.com/passage/?search=1+Corinthians+1",
urldate = {2014-04-18}
, location={Colorado Springs}
,publisher={Biblica}
}
, location={Swindon}
@online{greek1,
author="Parker, Micheal W.",
title="Hellenistic Greek",
url="http://greek-language.com/grammar/22.html",
year="2009",
urldate = {2014-04-18}

}

@book{ringe2008proto,
  title={From Proto-Indo-European to Proto-Germanic},
  author={Ringe, Don},
  isbn={9780199552290},
  lccn={2009290774},
  series={A Linguistic History of English},
  url={http://ukcatalogue.oup.com/product/9780199552290.do},
  year={2008},
  publisher={Oxford University Press}
,location={Oxford}
}


@article{andersen2013origin,
  title={On the Origin of the Slavic Aspects: Aorist and Imperfect},
  author={Andersen, Henning},
  journal={Journal of Slavic Linguistics},
  volume={21},
  number={1},
  pages={17--43},
  year={2013},
  publisher={Slavica Publishers},
  url={http://www.questia.com/library/journal/1G1-332655163/on-the-origin-of-the-slavic-aspects-aorist-and-imperfect}
, location={Bloomington, Indiana}
}


@online{greek2,
author="Archibald, Eric",
title="New Testament Greek Course",
url="http://www.hayespress.org/biblehelps-GREEK-30",
  publisher={Hayes Press},
year="2008",
urldate = {2014-04-18}
, location={Swindon}

}

@book{offord1996using,
  title={Using Russian: A Guide to Contemporary Usage},
  author={Offord, Derek},
  isbn={9780521457606},
  lccn={97109160},
  url={http://books.google.cz/books?id=iWy0clZRkQwC},
  year={1996},
  publisher={Cambridge University Press}
, location={Cambridge}
}

@book{bishop,
 author = {Bishop, Christopher M.},
 title = {Pattern Recognition and Machine Learning},
 year = {2006},
 isbn = {0387310738},
 publisher = {Springer-Verlag New York, Inc.},
 address = {Secaucus, NJ, USA},
   series={Information Science and Statistics},
url={http://research.microsoft.com/en-us/um/people/cmbishop/prml/}

} 

@book{koehn2010statistical,
  title={Statistical Machine Translation},
  author={Koehn, Philipp},
  isbn={9780521874151},
  lccn={2010294134},
  series={Statistical Machine Translation},
  url={http://www.statmt.org/book/},
  year={2010},
  publisher={Cambridge University Press}
, location={Cambridge}
}

